<?xml version="1.0"?>
<marc:records xmlns:marc="http://www.loc.gov/MARC21/slim" xmlns:xsi="http://www.w3.org/2001/XMLSchema-instance" xsi:schemaLocation="http://www.loc.gov/MARC21/slim http://www.loc.gov/standards/marcxml/schema/MARC21slim.xsd">
  <marc:record>
    <marc:leader>07126ctm a2200913Ia 4500</marc:leader>
    <marc:controlfield tag="001">9948175023503681</marc:controlfield>
    <marc:controlfield tag="005">20211222105430.0</marc:controlfield>
    <marc:controlfield tag="008">100827s1510    gw a          000 0 lat d</marc:controlfield>
    <marc:datafield ind1=" " ind2=" " tag="035">
  <marc:subfield code="a">(OCoLC)ocn786049207</marc:subfield>
</marc:datafield>
    <marc:datafield ind1=" " ind2=" " tag="035">
  <marc:subfield code="a">(OCoLC)786049207</marc:subfield>
</marc:datafield>
    <marc:datafield ind1=" " ind2=" " tag="035">
  <marc:subfield code="a">(PU)4817502-penndb-Voyager</marc:subfield>
</marc:datafield>
    <marc:datafield ind1=" " ind2=" " tag="040">
  <marc:subfield code="a">PAULM</marc:subfield>
  <marc:subfield code="b">eng</marc:subfield>
  <marc:subfield code="e">amremm</marc:subfield>
  <marc:subfield code="c">PAULM</marc:subfield>
  <marc:subfield code="d">PAULM</marc:subfield>
</marc:datafield>
    <marc:datafield ind1=" " ind2=" " tag="049">
  <marc:subfield code="a">PAUM</marc:subfield>
</marc:datafield>
    <marc:datafield ind1=" " ind2=" " tag="079">
  <marc:subfield code="a">ocn786047595</marc:subfield>
</marc:datafield>
    <marc:datafield ind1=" " ind2="9" tag="099">
  <marc:subfield code="a">LJS 223</marc:subfield>
</marc:datafield>
    <marc:datafield ind1="0" ind2="0" tag="245">
  <marc:subfield code="a">Questiones logicales ... [etc.]</marc:subfield>
  <marc:subfield code="h">[manuscript].</marc:subfield>
</marc:datafield>
    <marc:datafield ind1=" " ind2=" " tag="260">
  <marc:subfield code="a">[Bavaria],</marc:subfield>
  <marc:subfield code="c">[circa 1510]</marc:subfield>
</marc:datafield>
    <marc:datafield ind1=" " ind2=" " tag="300">
  <marc:subfield code="a">206 leaves :</marc:subfield>
  <marc:subfield code="b">paper, col. ill. ;</marc:subfield>
  <marc:subfield code="c">270 x 200 (204 x 115) mm bound to 280 x 215 mm.</marc:subfield>
</marc:datafield>
    <marc:datafield ind1=" " ind2=" " tag="500">
  <marc:subfield code="a">Title for manuscript from rubric for first work (f. 1r).</marc:subfield>
</marc:datafield>
    <marc:datafield ind1=" " ind2=" " tag="500">
  <marc:subfield code="a">Origin:  Written in Bavaria, ca. 1510 (on the basis of the watermark).</marc:subfield>
</marc:datafield>
    <marc:datafield ind1=" " ind2=" " tag="500">
  <marc:subfield code="a">Binding:  Contemporary blind-stamped calf, rebacked, with title label (Questiones logicales CXCIX) on upper cover.</marc:subfield>
</marc:datafield>
    <marc:datafield ind1=" " ind2=" " tag="500">
  <marc:subfield code="a">Ms. codex.</marc:subfield>
</marc:datafield>
    <marc:datafield ind1=" " ind2=" " tag="500">
  <marc:subfield code="a">Layout:  Written in 27-40 long lines; frame-ruled in faint red ink with double vertical bounding lines.</marc:subfield>
</marc:datafield>
    <marc:datafield ind1=" " ind2=" " tag="500">
  <marc:subfield code="a">Decoration:  5 philosophical diagrams in color washes (f. 148v, 153v, 157v, 159v, 162v-163r); 16 philosophical and geometrical tables and diagrams in brown and sometimes red ink (f. 63v, 66r, 75r, 75v, 78r, 78v, 89v, 90r, 116v, 141v, 202v, 203v-204r, 205r-206r); 9 decorated initials, 6 to 10 lines in height, in color washes (f. 149r, 154v, 158v, 163v, 170r, 172r, 173v, 177r (with faces), 178v); geometric lower borders or line-fillers of diamonds in color washes (f. 158r, 159r, 175v, 203r); some caption titles and colophons in alternating letters, words, or lines of red, yellow and blue (for example, f. 7v, 14r, 154r, 176r); rubrics, marginal notes and headings, and underlining in red throughout; sketch in ink of man (inside lower cover).  Some spaces for initials and possibly diagrams left blank.</marc:subfield>
</marc:datafield>
    <marc:datafield ind1=" " ind2=" " tag="500">
  <marc:subfield code="a">Collation:  Paper (nearly identical to Briquet 12511, 1509-1514), i + 206; 1&#x2078; 2&#x2078;(-1) 3-4&#x2074; 5-7&#x2078; 8&#xB9;&#x2070; 9-14&#x2078; 15-16&#x2076; 17&#xB9;&#x2070;(-1) 18&#x2076; 19-20&#x2078; 21&#x2074; 22&#x2078; 23-24&#xB9;&#xB2; 25&#x2076;(-1) 26&#xB9;&#x2070; 27&#x2078;(-2); gatherings 5-16 signed b-h, j-n, lower right of first recto; [1-206]; modern foliation in pencil, upper (occasionally lower) right recto.</marc:subfield>
</marc:datafield>
    <marc:datafield ind1=" " ind2=" " tag="500">
  <marc:subfield code="a">Script:  Written in bata&#x302;rde script, probably in the hand of Theodoricus Ungelter (f. 153r).</marc:subfield>
</marc:datafield>
    <marc:datafield ind1="0" ind2=" " tag="505">
  <marc:subfield code="a">5. f.22r-66r:  Reportata in Logicam Aristotelis</marc:subfield>
</marc:datafield>
    <marc:datafield ind1="0" ind2=" " tag="505">
  <marc:subfield code="a">6. f.67r-89v:  Cathegorica Aristotelis.</marc:subfield>
</marc:datafield>
    <marc:datafield ind1="0" ind2=" " tag="505">
  <marc:subfield code="a">4. f.16r-17v:  Elementorum logicalium liber primus.</marc:subfield>
</marc:datafield>
    <marc:datafield ind1="0" ind2=" " tag="505">
  <marc:subfield code="a">8. f.91r-108v:  Reportata in libros Peri Hermenias.</marc:subfield>
</marc:datafield>
    <marc:datafield ind1="0" ind2=" " tag="505">
  <marc:subfield code="a">9. f.108v-147r:  Liber primus Posteriorum.</marc:subfield>
</marc:datafield>
    <marc:datafield ind1="0" ind2=" " tag="505">
  <marc:subfield code="a">10. f.148v-150r:  Nonnulla in libros Physicorum Aristotelis notanda / a magistro Anthonio Carpentier collecta.</marc:subfield>
</marc:datafield>
    <marc:datafield ind1="0" ind2=" " tag="505">
  <marc:subfield code="a">11. f.153v-176r:  Reportata in Introductionem Physices a magistri Jacobi Fabri / per magistrum Anthonium Carpentier eddita.</marc:subfield>
</marc:datafield>
    <marc:datafield ind1="0" ind2=" " tag="505">
  <marc:subfield code="a">12. f.177r-187r:  Reportata / a magistro Anthonio Carpentier in octo libros Physicorum Aristotelis edita.</marc:subfield>
</marc:datafield>
    <marc:datafield ind1="0" ind2=" " tag="505">
  <marc:subfield code="a">13. f.192r-196v:  Errata magistri Johannis Dulaert in questionibus super octo libros Phisicorum.</marc:subfield>
</marc:datafield>
    <marc:datafield ind1="0" ind2=" " tag="505">
  <marc:subfield code="a">14. f.202r-206r:  Reportata in introductionem geometricas.</marc:subfield>
</marc:datafield>
    <marc:datafield ind1="0" ind2=" " tag="505">
  <marc:subfield code="a">3. f.13v-14v:  Nonnulla innotificativa.</marc:subfield>
</marc:datafield>
    <marc:datafield ind1="0" ind2=" " tag="505">
  <marc:subfield code="a">1. f.1r-7r:  Questiones logicales in collectio bone curie disputate.</marc:subfield>
</marc:datafield>
    <marc:datafield ind1="0" ind2=" " tag="505">
  <marc:subfield code="a">2. f.7v-13r:  Questiones morales pro determinansiis date.</marc:subfield>
</marc:datafield>
    <marc:datafield ind1="0" ind2=" " tag="505">
  <marc:subfield code="a">7. f.89v-90r:  Declaratio dicti Pythagore quod impar numerus sit ut gnomon quadrato circumpositii.</marc:subfield>
</marc:datafield>
    <marc:datafield ind1="4" ind2=" " tag="510">
  <marc:subfield code="a">Described in Transformation of knowledge: early manuscripts from the collection of Lawrence J. Schoenberg (London: Paul Holberton, 2006),</marc:subfield>
  <marc:subfield code="c">p. 24 (LJS 223).</marc:subfield>
</marc:datafield>
    <marc:datafield ind1=" " ind2=" " tag="520">
  <marc:subfield code="a">Collection of Aristotelian works and other philosophical works, including works on logic; short tracts (some incomplete) on Aristotle's Categories, De interpretatione, and Posterior analytics; and several works on Aristotle's Physics (including commentaries by Antonius Carpentier on both the Physics and the introduction to the Physics by Jacques Lefe&#x300;vre d'Etaples published in 1492), this last group (f. 148v-206r) being more decorated than the rest of the manuscript.  The beginning of the Reportata in Logicam Aristotelis has a marginal commentary (f. 22r-29v); in the rest of the manuscript, headings and notes are written in the margins.</marc:subfield>
</marc:datafield>
    <marc:datafield ind1=" " ind2=" " tag="524">
  <marc:subfield code="a">LJS 223.</marc:subfield>
</marc:datafield>
    <marc:datafield ind1=" " ind2=" " tag="546">
  <marc:subfield code="a">Latin.</marc:subfield>
</marc:datafield>
    <marc:datafield ind1="1" ind2=" " tag="561">
  <marc:subfield code="a">Sold by Les Enluminures (Paris and Chicago) to Lawrence J. Schoenberg, 1997.</marc:subfield>
</marc:datafield>
    <marc:datafield ind1="1" ind2=" " tag="561">
  <marc:subfield code="a">Sold by Jacques Rosenthal (Munich), 1928.</marc:subfield>
</marc:datafield>
    <marc:datafield ind1="1" ind2=" " tag="561">
  <marc:subfield code="a">Owned and probably written by Theodoricus Ungelter (f. 153r).</marc:subfield>
</marc:datafield>
    <marc:datafield ind1="1" ind2=" " tag="561">
  <marc:subfield code="a">Deposit by Lawrence J. Schoenberg and Barbara Brizdle, 2011.</marc:subfield>
</marc:datafield>
    <marc:datafield ind1="1" ind2=" " tag="561">
  <marc:subfield code="a">Gift of Johannes Wesbach of Ulm to Carthusian monastery at Buxheim (inscriptions inside upper cover; Wesbach served as a judge in Ulm from 1499 to 1507); then in the library at Buxheim (Cartusianorum Aulae B. V. Mariae in Buxheim, f. 1r; number CXCIX added to label on upper cover).</marc:subfield>
</marc:datafield>
    <marc:datafield ind1="1" ind2=" " tag="561">
  <marc:subfield code="a">Appears in a catalog of J. Halle Antiquariat (Munich).</marc:subfield>
</marc:datafield>
    <marc:datafield ind1=" " ind2=" " tag="581">
  <marc:subfield code="a">Herman, Nicholas. Making the Renaissance Manuscript: Discoveries from Philadelphia Libraries (exh. cat.). Philadelphia: University of Pennsylvania Libraries, 2020. 46, 216&#x2013;17 (cat. 63).</marc:subfield>
</marc:datafield>
    <marc:datafield ind1=" " ind2=" " tag="590">
  <marc:subfield code="a">Lawrence J. Schoenberg &amp; Barbara Brizdle Manuscript Initiative.</marc:subfield>
</marc:datafield>
    <marc:datafield ind1="0" ind2="0" tag="600">
  <marc:subfield code="a">Aristotle.</marc:subfield>
  <marc:subfield code="t">De interpretatione.</marc:subfield>
</marc:datafield>
    <marc:datafield ind1="0" ind2="0" tag="600">
  <marc:subfield code="a">Aristotle.</marc:subfield>
  <marc:subfield code="t">Posterior analytics.</marc:subfield>
</marc:datafield>
    <marc:datafield ind1="0" ind2="0" tag="600">
  <marc:subfield code="a">Aristotle.</marc:subfield>
  <marc:subfield code="t">Categoriae.</marc:subfield>
</marc:datafield>
    <marc:datafield ind1="0" ind2="0" tag="600">
  <marc:subfield code="a">Aristotle.</marc:subfield>
  <marc:subfield code="t">Physics.</marc:subfield>
</marc:datafield>
    <marc:datafield ind1="0" ind2="0" tag="600">
  <marc:subfield code="a">Aristotle</marc:subfield>
  <marc:subfield code="x">Criticism and interpretation</marc:subfield>
  <marc:subfield code="v">Early works to 1800.</marc:subfield>
</marc:datafield>
    <marc:datafield ind1="1" ind2="0" tag="600">
  <marc:subfield code="a">Dulaert, Johannes.</marc:subfield>
</marc:datafield>
    <marc:datafield ind1="1" ind2="0" tag="600">
  <marc:subfield code="a">Lefe&#x300;vre d'E&#x301;taples, Jacques,</marc:subfield>
  <marc:subfield code="d">d. 1536.</marc:subfield>
</marc:datafield>
    <marc:datafield ind1=" " ind2="0" tag="650">
  <marc:subfield code="a">Logic</marc:subfield>
  <marc:subfield code="v">Early works to 1800.</marc:subfield>
</marc:datafield>
    <marc:datafield ind1=" " ind2="0" tag="650">
  <marc:subfield code="a">Physics</marc:subfield>
  <marc:subfield code="v">Early works to 1800.</marc:subfield>
</marc:datafield>
    <marc:datafield ind1=" " ind2="7" tag="655">
  <marc:subfield code="a">commentaries.</marc:subfield>
  <marc:subfield code="2">aat</marc:subfield>
</marc:datafield>
    <marc:datafield ind1=" " ind2="7" tag="655">
  <marc:subfield code="a">annotations.</marc:subfield>
  <marc:subfield code="2">aat</marc:subfield>
</marc:datafield>
    <marc:datafield ind1=" " ind2="7" tag="655">
  <marc:subfield code="a">codices (bound manuscripts)</marc:subfield>
  <marc:subfield code="2">aat</marc:subfield>
</marc:datafield>
    <marc:datafield ind1=" " ind2="7" tag="655">
  <marc:subfield code="a">diagrams.</marc:subfield>
  <marc:subfield code="2">aat</marc:subfield>
</marc:datafield>
    <marc:datafield ind1=" " ind2="0" tag="655">
  <marc:subfield code="a">Manuscripts, Renaissance.</marc:subfield>
</marc:datafield>
    <marc:datafield ind1=" " ind2="7" tag="655">
  <marc:subfield code="a">Manuscripts, Latin</marc:subfield>
  <marc:subfield code="y">16th century.</marc:subfield>
  <marc:subfield code="2">local</marc:subfield>
</marc:datafield>
    <marc:datafield ind1=" " ind2="7" tag="655">
  <marc:subfield code="a">treatises.</marc:subfield>
  <marc:subfield code="2">aat</marc:subfield>
</marc:datafield>
    <marc:datafield ind1="1" ind2=" " tag="700">
  <marc:subfield code="a">Ungelter, Theodoricus,</marc:subfield>
  <marc:subfield code="e">scribe.</marc:subfield>
</marc:datafield>
    <marc:datafield ind1="1" ind2=" " tag="700">
  <marc:subfield code="a">Carpentier, Antonius.</marc:subfield>
</marc:datafield>
    <marc:datafield ind1="2" ind2=" " tag="710">
  <marc:subfield code="a">Lawrence J. Schoenberg Collection (University of Pennsylvania)</marc:subfield>
  <marc:subfield code="5">PU</marc:subfield>
</marc:datafield>
    <marc:datafield ind1="0" ind2="0" tag="773">
  <marc:subfield code="t">Lawrence J. Schoenberg Collection (University of Pennsylvania)</marc:subfield>
</marc:datafield>
    <marc:datafield ind1=" " ind2=" " tag="852">
  <marc:subfield code="b">Kislak Center for Special Collections, Rare Books and Manuscripts</marc:subfield>
  <marc:subfield code="a">University of Pennsylvania</marc:subfield>
  <marc:subfield code="e">3420 Walnut Street, Philadelphia, Pennsylvania 19104-6206.</marc:subfield>
  <marc:subfield code="j">LJS 223</marc:subfield>
</marc:datafield>
    <marc:datafield ind1="4" ind2="1" tag="856">
  <marc:subfield code="z">Digital facsimile for download (OPenn)</marc:subfield>
  <marc:subfield code="u">https://openn.library.upenn.edu/Data/0001/html/ljs223.html</marc:subfield>
</marc:datafield>
    <marc:datafield ind1="4" ind2="1" tag="856">
  <marc:subfield code="z">Facsimile</marc:subfield>
  <marc:subfield code="u">http://hdl.library.upenn.edu/1017/d/medren/4817502</marc:subfield>
</marc:datafield>
    <marc:datafield ind1="4" ind2="1" tag="856">
  <marc:subfield code="z">Digital facsimile for browsing (Colenda)</marc:subfield>
  <marc:subfield code="u">https://colenda.library.upenn.edu/catalog/81431-p3n00zt9k</marc:subfield>
</marc:datafield>
    <marc:datafield ind1="4" ind2="2" tag="856">
  <marc:subfield code="3">The Lawrence J. Schoenberg and Barbara Brizdle Manuscript Initiative Fund Home Page</marc:subfield>
  <marc:subfield code="u">http://hdl.library.upenn.edu/1017.12/366278</marc:subfield>
</marc:datafield>
    <marc:datafield ind1="4" ind2="1" tag="856">
  <marc:subfield code="z">Video orientation</marc:subfield>
  <marc:subfield code="u">http://hdl.library.upenn.edu/1017.12/1333027</marc:subfield>
</marc:datafield>
    <marc:datafield ind1=" " ind2=" " tag="994">
  <marc:subfield code="a">C0</marc:subfield>
  <marc:subfield code="b">PAULM</marc:subfield>
</marc:datafield>
    <marc:datafield ind1=" " ind2=" " tag="999">
  <marc:subfield code="a">DLA</marc:subfield>
  <marc:subfield code="b">20100915</marc:subfield>
</marc:datafield>
    <marc:holdings>
      <marc:holding>
        <marc:holding_id>22292393200003681</marc:holding_id>
        <marc:call_number>LJS 223</marc:call_number>
        <marc:library>KislakCntr</marc:library>
        <marc:location>scmss</marc:location>
      </marc:holding>
    </marc:holdings>
  </marc:record>
</marc:records>
